@article{spmag23-mlmalware,
    author = {Lorenzo Cavallaro and Johannes Kinder and Feargus Pendlebury and Fabio Pierazzi},
    title = {Are Machine Learning Models for Malware Detection Ready for Prime Time?},
    journal = {IEEE Secur. Priv.},
    volume = {21},
    number = {2},
    pages = {53--56},
    year = {2023},
    doi = {10.1109/MSEC.2023.3236543},
}

@inproceedings{oakland23-xfl,
    author = {James Patrick-Evans and Moritz Dannehl and Johannes Kinder},
    title = {{XFL}: Naming Functions in Binaries with Extreme Multi-label Learning},
    booktitle = {Proc. IEEE Symp. Security and Privacy (S\&P)},
    pages = {1677--1692},
    publisher = {IEEE},
    year = {2023},
    doi = {10.1109/SP46215.2023.00096}
}

@techreport{conformance-testing-arxiv,
    author = {Blake Loring and Johannes Kinder},
    title = {Systematic Generation of Conformance Tests for JavaScript},
    number = {arXiv:2108.07075},
    year = {2021},
    institution = {arXiv},
    url = {https://arxiv.org/abs/2108.07075}
}

@incollection{cryptosec11,
    author = {Stefan Katzenbeisser and Johannes Kinder and Helmut Veith},
    title = {Malware Detection},
    editor = {Henk C. A. van Tilborg and Sushil Jajodia},
    booktitle = {Encyclopedia of Cryptography and Security (2nd Ed.)},
    pages = {752--755},
    publisher = {Springer},
    year = {2011}
}

@phdthesis{phdthesis-kinder,
    author = {Johannes Kinder},
    title = {Static Analysis of x86 Executables},
    year = {2010},
    school = {Technische Universit{\"a}t Darmstadt}
}

@patent{statemerging-patent,
  author   = {Volodymyr Kuznetsov and
              Johannes Kinder and
              Stefan Bucur and
              George Candea},
  title    = {Advantageous State Merging During Symbolic Analysis},
  number   = {US 9,141,354 B2},
  pubstate = {Issued},
  month    = sep,
  year     = {2015},
}
